<?xml version="1.0" encoding="UTF-8"?><record xmlns="http://www.loc.gov/MARC21/slim" xmlns:cinclude="http://apache.org/cocoon/include/1.0" xmlns:zs="http://www.loc.gov/zing/srw/">
  <leader>00340nz  a2200121n  4500</leader>
  <controlfield tag="001">nr 96031067 </controlfield>
  <controlfield tag="003">DLC</controlfield>
  <controlfield tag="005">19960830071235.4</controlfield>
  <controlfield tag="008">960827n| acannaab|          |n aaa     c</controlfield>
  <datafield tag="010" ind1=" " ind2=" ">
    <subfield code="a">nr 96031067 </subfield>
  </datafield>
  <datafield tag="040" ind1=" " ind2=" ">
    <subfield code="a">DNGA</subfield>
    <subfield code="c">DNGA</subfield>
  </datafield>
  <datafield tag="100" ind1="1" ind2="0">
    <subfield code="a">Cercato, Paolo,</subfield>
    <subfield code="d">1930-</subfield>
  </datafield>
  <datafield tag="670" ind1=" " ind2=" ">
    <subfield code="a">Paolo Cercato : mestiere, architetto, c1994:</subfield>
    <subfield code="b">p. 211 (b. Apr. 30, 1930, Aquila)</subfield>
  </datafield>
</record>